@misc{eclipse_website:1,
  author =	 "Eclipse.org",
  title =	 {Eclipse Website},
  note =	 {"http://www.eclipse.org"}
}
@misc{firefox_website:2,
  author =	 "Mozilla",
  title =	 {Mozilla Firefox Website},
  note =	 {"http://www.mozillaitalia.it/firefox/"}
}


@misc{Inkscape_website:3,
  author =	 "Inkscape",
  title =	 {Inkscape Website},
  note =	 {"http://www.inkscape.org/index.php"}
}

@book{eclipse_action:4,
  author =	 "David Gallardo, Ed Burnette, Robert McGovern",
  title =	 "Eclipse in Action",
  publisher =	 "Manning Publications Co",
  year =	 2003
}


@misc{esharp_website:5,
  author =	 "Improve-technologies",
  title =	 {esharp Website},
  note =	 {"http://www.improve-technologies.com/alpha/esharp/"}
}

@misc{ibm_website:6,
  author =	 "IBM",
  title =	 {Technical library view},
  note =	 {"http://www-128.ibm.com/developerworks/views/
  opensource/libraryview.jsp?search\_by=CDT+based+editor"}
}



@misc{apache_velocity_website:7,
  author =	 "Apache",
  title =	 {Apache Velocity Website},
  note =	 {"http://velocity.apache.org/"}
}

@misc{svg_website:8,
  author =	 "W3C",
  title =	 {SVG Reference Website},
  note =	 {"http://www.w3.org/Graphics/SVG/"}
}

@misc{w3c_website:9,
  author =	 "W3C",
  title =	 {World Wide Web Consortium Website},
  note =	 {"http://www.w3.org/"}
}

@misc{google_code_website:10,
  author =	 "Google",
  title =	 {Google Code Website},
  note =	 {"http://code.google.com/p/cuml2svg/"}
}

@misc{javacc_website:11,
  author =	 "dev.java.net",
  title =	 {JavaCC Website},
  note =	 {"https://javacc.dev.java.net/"}
}

@misc{javacc_state:12,
  author =	 "dev.java.net",
  title =	 {JavaCC Website: STATE description},
  note =	 {"https://javacc.dev.java.net/
  doc/tokenmanager.html"}
}

@misc{javacc_faq:13,
  author =	 "The JavaCC FAQ",
  title =	 {The JavaCC FAQ},
  note =	 {"http://www.idevelopment.info/data/
  Programming/java/JavaCC/The\_JavaCC\_FAQ.htm"}
}

@misc{javacc_lexer:14,
  author =	 "dev.java.net",
  title =	 {The JavaCC LexerTips},
  note =	 {"https://javacc.dev.java.net/doc/lexertips.html"}
}
